<record><leader>00000cas a2200000 a 4500</leader><controlfield tag="001">9904038</controlfield><controlfield tag="008">830913d1824182unyuwr ne      0    0eng c</controlfield><datafield ind1=" " ind2=" " tag="010"><subfield code="a">sn 83031592 </subfield></datafield><datafield ind1=" " ind2=" " tag="040"><subfield code="a">NPU</subfield><subfield code="b">eng</subfield><subfield code="c">NPU</subfield><subfield code="d">NPX</subfield><subfield code="d">NYS</subfield><subfield code="d">OCLCQ</subfield><subfield code="d">OCLCO</subfield></datafield><datafield ind1="1" ind2=" " tag="029"><subfield code="a">AU@</subfield><subfield code="b">000022912651</subfield></datafield><datafield ind1=" " ind2=" " tag="042"><subfield code="a">pcc</subfield></datafield><datafield ind1=" " ind2=" " tag="043"><subfield code="a">n-us-ny</subfield></datafield><datafield ind1="0" ind2="0" tag="245"><subfield code="a">Columbian chronicle, and Westchester, Putnam and Rockland Counties' advertiser.</subfield></datafield><datafield ind1=" " ind2=" " tag="260"><subfield code="a">Peekskill, Westchester County [N.Y.] :</subfield><subfield code="b">Ezekiel Burroughs</subfield></datafield><datafield ind1=" " ind2=" " tag="300"><subfield code="a">v. ;</subfield><subfield code="c">44-47 cm.</subfield></datafield><datafield ind1=" " ind2=" " tag="310"><subfield code="a">Weekly</subfield></datafield><datafield ind1="1" ind2=" " tag="362"><subfield code="a">No. 1 (Nov. 3, 1824).</subfield><subfield code="z">Cf. Redway, v. L. History and Bibliography of Ossining Newspapers, 1797-1951.</subfield></datafield><datafield ind1=" " ind2=" " tag="530"><subfield code="a">Available on microfilm from Readex (Early American Newspapers).</subfield></datafield><datafield ind1=" " ind2=" " tag="588"><subfield code="a">Description based on: Vol. 1, no. 29 (July 19, 1825).</subfield></datafield><datafield ind1=" " ind2="0" tag="651"><subfield code="a">Cortlandt (Town : N.Y.)</subfield><subfield code="v">Newspapers.</subfield></datafield><datafield ind1=" " ind2="0" tag="651"><subfield code="a">Peekskill (N.Y.)</subfield><subfield code="v">Newspapers.</subfield></datafield><datafield ind1=" " ind2="0" tag="651"><subfield code="a">Westchester County (N.Y.)</subfield><subfield code="v">Newspapers.</subfield></datafield><datafield ind1=" " ind2=" " tag="752"><subfield code="a">United States</subfield><subfield code="b">New York</subfield><subfield code="c">Westchester</subfield><subfield code="d">Peekskill.</subfield></datafield><datafield ind1="0" ind2="0" tag="785"><subfield code="t">Columbian chronicle (Peekskill, N.Y.)</subfield><subfield code="w">(DLC)sn 85026843</subfield><subfield code="w">(OCoLC)12637394</subfield></datafield></record>